<?xml version="1.0" encoding="UTF-8"?>
  <record xmlns="http://www.loc.gov/MARC21/slim" type="Authority">
    <leader>00000nz  a2200000nc 4500</leader>
    <controlfield tag="001">10418339X</controlfield>
    <controlfield tag="003">DE-101</controlfield>
    <controlfield tag="005">20200708163402.0</controlfield>
    <controlfield tag="008">960415n||azznnaabn           | aaa    |c</controlfield>
    <datafield tag="024" ind1="7" ind2=" ">
      <subfield code="a">10418339X</subfield>
      <subfield code="0">http://d-nb.info/gnd/10418339X</subfield>
      <subfield code="2">gnd</subfield>
    </datafield>
    <datafield tag="024" ind1="7" ind2=" ">
      <subfield code="a">25031039</subfield>
      <subfield code="2">viaf</subfield>
    </datafield>
    <datafield tag="035" ind1=" " ind2=" ">
      <subfield code="a">(DE-101)10418339X</subfield>
    </datafield>
    <datafield tag="035" ind1=" " ind2=" ">
      <subfield code="a">(DE-588)10418339X</subfield>
    </datafield>
    <datafield tag="035" ind1=" " ind2=" ">
      <subfield code="z">(DE-588)1167557492</subfield>
    </datafield>
    <datafield tag="035" ind1=" " ind2=" ">
      <subfield code="z">(DE-588a)10418339X</subfield>
      <subfield code="9">v:zg</subfield>
    </datafield>
    <datafield tag="035" ind1=" " ind2=" ">
      <subfield code="z">(DE-588c)4697676-0</subfield>
      <subfield code="9">v:zg</subfield>
    </datafield>
    <datafield tag="040" ind1=" " ind2=" ">
      <subfield code="a">DE-12</subfield>
      <subfield code="c">DE-12</subfield>
      <subfield code="9">r:DE-12</subfield>
      <subfield code="b">ger</subfield>
      <subfield code="d">0032</subfield>
    </datafield>
    <datafield tag="042" ind1=" " ind2=" ">
      <subfield code="a">gnd1</subfield>
    </datafield>
    <datafield tag="043" ind1=" " ind2=" ">
      <subfield code="c">XA-DE</subfield>
    </datafield>
    <datafield tag="065" ind1=" " ind2=" ">
      <subfield code="a">16.5p</subfield>
      <subfield code="2">sswd</subfield>
    </datafield>
    <datafield tag="075" ind1=" " ind2=" ">
      <subfield code="b">p</subfield>
      <subfield code="2">gndgen</subfield>
    </datafield>
    <datafield tag="075" ind1=" " ind2=" ">
      <subfield code="b">piz</subfield>
      <subfield code="2">gndspec</subfield>
    </datafield>
    <datafield tag="079" ind1=" " ind2=" ">
      <subfield code="a">g</subfield>
      <subfield code="q">a</subfield>
      <subfield code="q">f</subfield>
      <subfield code="q">s</subfield>
      <subfield code="u">v</subfield>
    </datafield>
    <datafield tag="100" ind1="0" ind2=" ">
      <subfield code="a">Ludwig Friedrich</subfield>
      <subfield code="b">I.</subfield>
      <subfield code="c">Schwarzburg-Rudolstadt, Fürst</subfield>
      <subfield code="d">1667-1718</subfield>
    </datafield>
    <datafield tag="375" ind1=" " ind2=" ">
      <subfield code="a">1</subfield>
      <subfield code="2">iso5218</subfield>
    </datafield>
    <datafield tag="400" ind1="0" ind2=" ">
      <subfield code="a">Ludovicus Fridericus</subfield>
      <subfield code="c">Schwarzburg-Rudolstadt, Princeps</subfield>
      <subfield code="d">1667-1718</subfield>
    </datafield>
    <datafield tag="400" ind1="0" ind2=" ">
      <subfield code="a">Ludovicus Fridericus</subfield>
      <subfield code="c">Schwarzburg-Rudolstadt, Comes</subfield>
      <subfield code="d">1667-1718</subfield>
    </datafield>
    <datafield tag="400" ind1="0" ind2=" ">
      <subfield code="a">Ludovicus Fridericus</subfield>
      <subfield code="b">I.</subfield>
      <subfield code="c">Schwarzburg-Rudolstadt, Fürst</subfield>
      <subfield code="d">1667-1718</subfield>
    </datafield>
    <datafield tag="400" ind1="0" ind2=" ">
      <subfield code="a">Ludwig Friedrich</subfield>
      <subfield code="c">Schwarzburgum-Hohensteinium, Comes</subfield>
      <subfield code="d">1667-1718</subfield>
    </datafield>
    <datafield tag="400" ind1="0" ind2=" ">
      <subfield code="a">Ludovicus Fridericus</subfield>
      <subfield code="c">Schwarzburgum-Hohensteinium, Comes</subfield>
      <subfield code="d">1667-1718</subfield>
    </datafield>
    <datafield tag="400" ind1="0" ind2=" ">
      <subfield code="a">Ludovicus Friedrich</subfield>
      <subfield code="c">Schwarzburg-Rudolstadt, Graf</subfield>
      <subfield code="d">1667-1718</subfield>
    </datafield>
    <datafield tag="400" ind1="0" ind2=" ">
      <subfield code="a">Ludwig Friedrich</subfield>
      <subfield code="c">Schwarzburg-Rudolstadt, Graf</subfield>
      <subfield code="d">1667-1718</subfield>
    </datafield>
    <datafield tag="400" ind1="1" ind2=" ">
      <subfield code="a">Swarzburg, Ludovicus Fridericus</subfield>
      <subfield code="d">1667-1718</subfield>
    </datafield>
    <datafield tag="400" ind1="1" ind2=" ">
      <subfield code="a">Swarzburg, Ludovicus Friedrich</subfield>
      <subfield code="d">1667-1718</subfield>
    </datafield>
    <datafield tag="400" ind1="1" ind2=" ">
      <subfield code="a">Swarzburg, Ludwig Friedrich</subfield>
      <subfield code="d">1667-1718</subfield>
    </datafield>
    <datafield tag="400" ind1="0" ind2=" ">
      <subfield code="a">Ludwig Friedrich</subfield>
      <subfield code="c">Schwarzburg, Fürst</subfield>
      <subfield code="d">1667-1718</subfield>
    </datafield>
    <datafield tag="400" ind1="0" ind2=" ">
      <subfield code="a">Ludwig Friedrich</subfield>
      <subfield code="c">Pr. z. Schw.</subfield>
      <subfield code="d">1667-1718</subfield>
    </datafield>
    <datafield tag="400" ind1="0" ind2=" ">
      <subfield code="a">Ludwig Friedrich</subfield>
      <subfield code="b">I.</subfield>
      <subfield code="c">Schwarzburg-Rudolstadt, Graf</subfield>
      <subfield code="d">1667-1718</subfield>
    </datafield>
    <datafield tag="400" ind1="0" ind2=" ">
      <subfield code="a">Ludwig Friedrich</subfield>
      <subfield code="c">Schwarzburg und Hohnstein, Graf</subfield>
      <subfield code="d">1667-1718</subfield>
    </datafield>
    <datafield tag="400" ind1="0" ind2=" ">
      <subfield code="a">Ludwig Friedrich</subfield>
      <subfield code="c">Schwartzburg und Hohnstein, Graf</subfield>
      <subfield code="d">1667-1718</subfield>
    </datafield>
    <datafield tag="400" ind1="0" ind2=" ">
      <subfield code="a">Ludwig Friedrich</subfield>
      <subfield code="c">Viergraf</subfield>
      <subfield code="d">1667-1718</subfield>
    </datafield>
    <datafield tag="400" ind1="1" ind2=" ">
      <subfield code="a">Schwarzburg-Rudolstadt, Ludwig Friedrich</subfield>
      <subfield code="c">Graf zu</subfield>
      <subfield code="d">1667-1718</subfield>
    </datafield>
    <datafield tag="400" ind1="1" ind2=" ">
      <subfield code="a">Schwarzburg und Hohnstein, Ludwig Friedrich</subfield>
      <subfield code="c">Graf zu</subfield>
      <subfield code="d">1667-1718</subfield>
    </datafield>
    <datafield tag="400" ind1="1" ind2=" ">
      <subfield code="a">Schwartzburg und Hohnstein, Ludwig Friedrich</subfield>
      <subfield code="c">Graf zu</subfield>
      <subfield code="d">1667-1718</subfield>
    </datafield>
    <datafield tag="500" ind1="0" ind2=" ">
      <subfield code="0">(DE-101)102109230</subfield>
      <subfield code="0">(DE-588)102109230</subfield>
      <subfield code="0">https://d-nb.info/gnd/102109230</subfield>
      <subfield code="a">Albrecht Anton</subfield>
      <subfield code="c">Schwarzburg-Rudolstadt, Graf</subfield>
      <subfield code="d">1641-1710</subfield>
      <subfield code="4">bezf</subfield>
      <subfield code="4">https://d-nb.info/standards/elementset/gnd#familialRelationship</subfield>
      <subfield code="w">r</subfield>
      <subfield code="i">Beziehung familiaer</subfield>
      <subfield code="e">Beziehung familiaer</subfield>
      <subfield code="9">v:Vater</subfield>
    </datafield>
    <datafield tag="500" ind1="0" ind2=" ">
      <subfield code="0">(DE-101)121279553</subfield>
      <subfield code="0">(DE-588)121279553</subfield>
      <subfield code="0">https://d-nb.info/gnd/121279553</subfield>
      <subfield code="a">Anna Sophia</subfield>
      <subfield code="c">Schwarzburg-Rudolstadt, Fürstin, 1670-1728</subfield>
      <subfield code="d">1670-1728</subfield>
      <subfield code="4">bezf</subfield>
      <subfield code="4">https://d-nb.info/standards/elementset/gnd#familialRelationship</subfield>
      <subfield code="w">r</subfield>
      <subfield code="i">Beziehung familiaer</subfield>
      <subfield code="e">Beziehung familiaer</subfield>
      <subfield code="9">v:Ehefrau</subfield>
    </datafield>
    <datafield tag="500" ind1="0" ind2=" ">
      <subfield code="0">(DE-101)122474457</subfield>
      <subfield code="0">(DE-588)122474457</subfield>
      <subfield code="0">https://d-nb.info/gnd/122474457</subfield>
      <subfield code="a">Friedrich Anton</subfield>
      <subfield code="c">Schwarzburg-Rudolstadt, Fürst</subfield>
      <subfield code="d">1692-1744</subfield>
      <subfield code="4">bezf</subfield>
      <subfield code="4">https://d-nb.info/standards/elementset/gnd#familialRelationship</subfield>
      <subfield code="w">r</subfield>
      <subfield code="i">Beziehung familiaer</subfield>
      <subfield code="e">Beziehung familiaer</subfield>
      <subfield code="9">v:Sohn</subfield>
    </datafield>
    <datafield tag="500" ind1="0" ind2=" ">
      <subfield code="0">(DE-101)104183306</subfield>
      <subfield code="0">(DE-588)104183306</subfield>
      <subfield code="0">https://d-nb.info/gnd/104183306</subfield>
      <subfield code="a">Anna Sophia</subfield>
      <subfield code="c">Sachsen-Coburg-Saalfeld, Herzogin</subfield>
      <subfield code="d">1700-1780</subfield>
      <subfield code="4">bezf</subfield>
      <subfield code="4">https://d-nb.info/standards/elementset/gnd#familialRelationship</subfield>
      <subfield code="w">r</subfield>
      <subfield code="i">Beziehung familiaer</subfield>
      <subfield code="e">Beziehung familiaer</subfield>
      <subfield code="9">v:Tochter</subfield>
    </datafield>
    <datafield tag="500" ind1="0" ind2=" ">
      <subfield code="0">(DE-101)1213404290</subfield>
      <subfield code="0">(DE-588)1213404290</subfield>
      <subfield code="0">https://d-nb.info/gnd/1213404290</subfield>
      <subfield code="a">Christiana Dorothea</subfield>
      <subfield code="c">Schwarzburg-Rudolstadt, Fürstin</subfield>
      <subfield code="d">1697-1698</subfield>
      <subfield code="4">bezf</subfield>
      <subfield code="4">https://d-nb.info/standards/elementset/gnd#familialRelationship</subfield>
      <subfield code="w">r</subfield>
      <subfield code="i">Beziehung familiaer</subfield>
      <subfield code="e">Beziehung familiaer</subfield>
      <subfield code="9">v:Tochter</subfield>
    </datafield>
    <datafield tag="500" ind1="0" ind2=" ">
      <subfield code="0">(DE-101)102109079</subfield>
      <subfield code="0">(DE-588)102109079</subfield>
      <subfield code="0">https://d-nb.info/gnd/102109079</subfield>
      <subfield code="a">Franz Josias</subfield>
      <subfield code="c">Sachsen-Coburg-Saalfeld, Herzog</subfield>
      <subfield code="d">1697-1764</subfield>
      <subfield code="4">bezf</subfield>
      <subfield code="4">https://d-nb.info/standards/elementset/gnd#familialRelationship</subfield>
      <subfield code="w">r</subfield>
      <subfield code="i">Beziehung familiaer</subfield>
      <subfield code="e">Beziehung familiaer</subfield>
      <subfield code="9">v:Schwiegersohn</subfield>
    </datafield>
    <datafield tag="500" ind1="0" ind2=" ">
      <subfield code="0">(DE-101)100265979</subfield>
      <subfield code="0">(DE-588)100265979</subfield>
      <subfield code="0">https://d-nb.info/gnd/100265979</subfield>
      <subfield code="a">Ernst Friedrich</subfield>
      <subfield code="c">Sachsen-Coburg-Saalfeld, Herzog</subfield>
      <subfield code="d">1724-1800</subfield>
      <subfield code="4">bezf</subfield>
      <subfield code="4">https://d-nb.info/standards/elementset/gnd#familialRelationship</subfield>
      <subfield code="w">r</subfield>
      <subfield code="i">Beziehung familiaer</subfield>
      <subfield code="e">Beziehung familiaer</subfield>
      <subfield code="9">v:Enkel</subfield>
    </datafield>
    <datafield tag="500" ind1="0" ind2=" ">
      <subfield code="0">(DE-101)136293670</subfield>
      <subfield code="0">(DE-588)136293670</subfield>
      <subfield code="0">https://d-nb.info/gnd/136293670</subfield>
      <subfield code="a">Johann Wilhelm</subfield>
      <subfield code="b">XII.</subfield>
      <subfield code="c">Sachsen-Coburg, Herzog</subfield>
      <subfield code="d">1726-1745</subfield>
      <subfield code="4">bezf</subfield>
      <subfield code="4">https://d-nb.info/standards/elementset/gnd#familialRelationship</subfield>
      <subfield code="w">r</subfield>
      <subfield code="i">Beziehung familiaer</subfield>
      <subfield code="e">Beziehung familiaer</subfield>
      <subfield code="9">v:Enkel</subfield>
    </datafield>
    <datafield tag="500" ind1="0" ind2=" ">
      <subfield code="0">(DE-101)132961679</subfield>
      <subfield code="0">(DE-588)132961679</subfield>
      <subfield code="0">https://d-nb.info/gnd/132961679</subfield>
      <subfield code="a">Christian Franz</subfield>
      <subfield code="c">Sachsen-Coburg-Saalfeld, Herzog</subfield>
      <subfield code="d">1730-1797</subfield>
      <subfield code="4">bezf</subfield>
      <subfield code="4">https://d-nb.info/standards/elementset/gnd#familialRelationship</subfield>
      <subfield code="w">r</subfield>
      <subfield code="i">Beziehung familiaer</subfield>
      <subfield code="e">Beziehung familiaer</subfield>
      <subfield code="9">v:Enkel</subfield>
    </datafield>
    <datafield tag="500" ind1="0" ind2=" ">
      <subfield code="0">(DE-101)101094485</subfield>
      <subfield code="0">(DE-588)101094485</subfield>
      <subfield code="0">https://d-nb.info/gnd/101094485</subfield>
      <subfield code="a">Friederike Karoline</subfield>
      <subfield code="c">Brandenburg-Ansbach, Markgräfin</subfield>
      <subfield code="d">1735-1791</subfield>
      <subfield code="4">bezf</subfield>
      <subfield code="4">https://d-nb.info/standards/elementset/gnd#familialRelationship</subfield>
      <subfield code="w">r</subfield>
      <subfield code="i">Beziehung familiaer</subfield>
      <subfield code="e">Beziehung familiaer</subfield>
      <subfield code="9">v:Enkelin</subfield>
    </datafield>
    <datafield tag="500" ind1="0" ind2=" ">
      <subfield code="0">(DE-101)100443907</subfield>
      <subfield code="0">(DE-588)100443907</subfield>
      <subfield code="0">https://d-nb.info/gnd/100443907</subfield>
      <subfield code="a">Friedrich Josias</subfield>
      <subfield code="c">Sachsen-Coburg-Saalfeld, Prinz</subfield>
      <subfield code="d">1737-1815</subfield>
      <subfield code="4">bezf</subfield>
      <subfield code="4">https://d-nb.info/standards/elementset/gnd#familialRelationship</subfield>
      <subfield code="w">r</subfield>
      <subfield code="i">Beziehung familiaer</subfield>
      <subfield code="e">Beziehung familiaer</subfield>
      <subfield code="9">v:Enkel</subfield>
    </datafield>
    <datafield tag="548" ind1=" " ind2=" ">
      <subfield code="a">1667-1718</subfield>
      <subfield code="4">datl</subfield>
      <subfield code="4">https://d-nb.info/standards/elementset/gnd#dateOfBirthAndDeath</subfield>
      <subfield code="w">r</subfield>
      <subfield code="i">Lebensdaten</subfield>
    </datafield>
    <datafield tag="548" ind1=" " ind2=" ">
      <subfield code="a">15.10.1667-24.06.1718</subfield>
      <subfield code="4">datx</subfield>
      <subfield code="4">https://d-nb.info/standards/elementset/gnd#dateOfBirthAndDeath</subfield>
      <subfield code="w">r</subfield>
      <subfield code="i">Exakte Lebensdaten</subfield>
    </datafield>
    <datafield tag="550" ind1=" " ind2=" ">
      <subfield code="0">(DE-101)041556038</subfield>
      <subfield code="0">(DE-588)4155603-3</subfield>
      <subfield code="0">https://d-nb.info/gnd/4155603-3</subfield>
      <subfield code="a">Fürst</subfield>
      <subfield code="4">adel</subfield>
      <subfield code="4">https://d-nb.info/standards/elementset/gnd#titleOfNobility</subfield>
      <subfield code="w">r</subfield>
      <subfield code="i">Adelstitel</subfield>
    </datafield>
    <datafield tag="550" ind1=" " ind2=" ">
      <subfield code="0">(DE-101)040004643</subfield>
      <subfield code="0">(DE-588)4000464-8</subfield>
      <subfield code="0">https://d-nb.info/gnd/4000464-8</subfield>
      <subfield code="a">Adel</subfield>
      <subfield code="4">obin</subfield>
      <subfield code="4">https://d-nb.info/standards/elementset/gnd#broaderTermInstantial</subfield>
      <subfield code="w">r</subfield>
      <subfield code="i">Oberbegriff instantiell</subfield>
    </datafield>
    <datafield tag="551" ind1=" " ind2=" ">
      <subfield code="0">(DE-101)041050665</subfield>
      <subfield code="0">(DE-588)4105066-6</subfield>
      <subfield code="0">https://d-nb.info/gnd/4105066-6</subfield>
      <subfield code="a">Rudolstadt</subfield>
      <subfield code="4">ortg</subfield>
      <subfield code="4">https://d-nb.info/standards/elementset/gnd#placeOfBirth</subfield>
      <subfield code="w">r</subfield>
      <subfield code="i">Geburtsort</subfield>
    </datafield>
    <datafield tag="551" ind1=" " ind2=" ">
      <subfield code="0">(DE-101)041050665</subfield>
      <subfield code="0">(DE-588)4105066-6</subfield>
      <subfield code="0">https://d-nb.info/gnd/4105066-6</subfield>
      <subfield code="a">Rudolstadt</subfield>
      <subfield code="4">orts</subfield>
      <subfield code="4">https://d-nb.info/standards/elementset/gnd#placeOfDeath</subfield>
      <subfield code="w">r</subfield>
      <subfield code="i">Sterbeort</subfield>
    </datafield>
    <datafield tag="551" ind1=" " ind2=" ">
      <subfield code="0">(DE-101)041050665</subfield>
      <subfield code="0">(DE-588)4105066-6</subfield>
      <subfield code="0">https://d-nb.info/gnd/4105066-6</subfield>
      <subfield code="a">Rudolstadt</subfield>
      <subfield code="4">ortw</subfield>
      <subfield code="4">https://d-nb.info/standards/elementset/gnd#placeOfActivity</subfield>
      <subfield code="w">r</subfield>
      <subfield code="i">Wirkungsort</subfield>
    </datafield>
    <datafield tag="667" ind1=" " ind2=" ">
      <subfield code="a">3</subfield>
    </datafield>
    <datafield tag="667" ind1=" " ind2=" ">
      <subfield code="a">VD-17</subfield>
    </datafield>
    <datafield tag="667" ind1=" " ind2=" ">
      <subfield code="a">VD-18</subfield>
    </datafield>
    <datafield tag="670" ind1=" " ind2=" ">
      <subfield code="a">Europ. Stammtafeln</subfield>
    </datafield>
    <datafield tag="670" ind1=" " ind2=" ">
      <subfield code="a">Wikipedia</subfield>
      <subfield code="u">https://de.wikipedia.org/wiki/Ludwig_Friedrich_I._(Schwarzburg-Rudolstadt)</subfield>
    </datafield>
    <datafield tag="678" ind1=" " ind2=" ">
      <subfield code="b">regierte 1710-1718</subfield>
    </datafield>
    <datafield tag="913" ind1=" " ind2=" ">
      <subfield code="S">pnd</subfield>
      <subfield code="i">5</subfield>
      <subfield code="a">Ludwig Friedrich &lt;Schwarzburg-Rudolstadt, Fürst, I.&gt;</subfield>
      <subfield code="0">(DE-588a)10418339X</subfield>
    </datafield>
  </record>
